<record><leader>00000cas a22000007a 4500</leader><controlfield tag="001">13041646</controlfield><controlfield tag="008">860121d19261957wvudr ne      0    0eng d</controlfield><datafield ind1=" " ind2=" " tag="010"><subfield code="a">sn 86092068 </subfield></datafield><datafield ind1=" " ind2=" " tag="040"><subfield code="a">WVC</subfield><subfield code="b">eng</subfield><subfield code="c">WVC</subfield><subfield code="d">NVK</subfield><subfield code="d">OCL</subfield><subfield code="d">CRL</subfield><subfield code="d">OCL</subfield><subfield code="d">OCLCQ</subfield><subfield code="d">OCLCF</subfield><subfield code="d">OCLCO</subfield></datafield><datafield ind1=" " ind2=" " tag="042"><subfield code="a">msc</subfield></datafield><datafield ind1=" " ind2=" " tag="043"><subfield code="a">n-us-va</subfield><subfield code="a">n-us-wv</subfield></datafield><datafield ind1="0" ind2="0" tag="245"><subfield code="a">Bluefield sunset news the times-leader.</subfield></datafield><datafield ind1="1" ind2=" " tag="246"><subfield code="i">Title in publisher's box:</subfield><subfield code="a">Sunset news and times-leader</subfield><subfield code="f">&lt;Nov. 10, 1931-Mar. 30, 1935&gt;</subfield></datafield><datafield ind1="3" ind2="0" tag="246"><subfield code="a">Sunset news</subfield></datafield><datafield ind1="3" ind2="0" tag="246"><subfield code="a">Bluefield sunset news</subfield></datafield><datafield ind1=" " ind2=" " tag="260"><subfield code="a">Bluefield, W. Va. :</subfield><subfield code="b">Daily Telegraph Publ. Co.,</subfield><subfield code="c">1926-1957.</subfield></datafield><datafield ind1=" " ind2=" " tag="300"><subfield code="a">32 v.</subfield></datafield><datafield ind1=" " ind2=" " tag="310"><subfield code="a">Daily</subfield></datafield><datafield ind1=" " ind2=" " tag="321"><subfield code="a">Daily (except Sun.),</subfield><subfield code="b">&lt;Nov. 10, 1931-Mar. 30, 1935&gt;</subfield></datafield><datafield ind1="0" ind2=" " tag="362"><subfield code="a">Vol. 1, no. 1 (Sept. 22, 1926)-v. 32, no. 62 (Mar. 13, 1957).</subfield></datafield><datafield ind1=" " ind2=" " tag="500"><subfield code="a">Bluefield is a border town in both Virginia and West Virginia.</subfield></datafield><datafield ind1=" " ind2=" " tag="530"><subfield code="a">Also issued on microfilm from UMI.</subfield></datafield><datafield ind1=" " ind2="0" tag="651"><subfield code="a">Bluefield (Va.)</subfield><subfield code="v">Newspapers.</subfield></datafield><datafield ind1=" " ind2="0" tag="651"><subfield code="a">Bluefield (W. Va.)</subfield><subfield code="v">Newspapers.</subfield></datafield><datafield ind1=" " ind2="7" tag="655"><subfield code="a">Newspapers.</subfield><subfield code="2">fast</subfield><subfield code="0">(OCoLC)fst01423814</subfield></datafield><datafield ind1=" " ind2="7" tag="651"><subfield code="a">Virginia</subfield><subfield code="z">Bluefield.</subfield><subfield code="2">fast</subfield><subfield code="0">(OCoLC)fst01224858</subfield></datafield><datafield ind1=" " ind2="7" tag="651"><subfield code="a">West Virginia</subfield><subfield code="z">Bluefield.</subfield><subfield code="2">fast</subfield><subfield code="0">(OCoLC)fst01218609</subfield></datafield><datafield ind1=" " ind2=" " tag="752"><subfield code="a">United States</subfield><subfield code="b">West Virginia</subfield><subfield code="c">Mercer</subfield><subfield code="d">Bluefield.</subfield></datafield><datafield ind1="0" ind2="7" tag="785"><subfield code="t">Princeton observer</subfield><subfield code="w">(DLC)sn 86092058</subfield><subfield code="w">(OCoLC)13041534</subfield></datafield><datafield ind1="0" ind2="7" tag="785"><subfield code="t">Sunset news-observer</subfield><subfield code="w">(DLC)sn 86092069</subfield><subfield code="w">(OCoLC)13041651</subfield></datafield></record>